@article{Nieves:2003in,
    author = "Nieves, Jose F. and Pal, Palash B.",
    title = "{Generalized Fierz identities}",
    eprint = "hep-ph/0306087",
    archivePrefix = "arXiv",
    reportNumber = "SINP-TNP-03-16",
    doi = "10.1119/1.1757445",
    journal = "Am. J. Phys.",
    volume = "72",
    pages = "1100--1108",
    year = "2004"
}
