@book{Binetruy:2006ad,
  author = {Binetruy, P.},
  title  = {{Supersymmetry: Theory, experiment and cosmology}},
  year   = {2006}
}
