@book{Binetruy:2006ad,
  author = {Bin√©truy, P.},
  title  = "{Supersymmetry: Theory, experiment and cosmology}",
  year   = {2006}
}
