@book{Horn,
  added-at = {2009-08-11T06:48:25.000+0200},
  asin = {0521386322},
  author = {Horn, Roger A. and Johnson, Charles R.},
  biburl = {https://www.bibsonomy.org/bibtex/21b74325f2fc85e84de809fad32e0ce75/folke},
  description = {Amazon.com: Matrix Analysis (9780521386326): Roger A. Horn, Charles R. Johnson: Books},
  dewey = {512},
  ean = {9780521386326},
  interhash = {a06c0f9946daf2df01187f1797a1a37c},
  intrahash = {1b74325f2fc85e84de809fad32e0ce75},
  isbn = {0521386322},
  keywords = {algebra linear matrices matrix},
  publisher = {Cambridge University Press},
  timestamp = {2009-08-11T06:48:25.000+0200},
  title = {Matrix Analysis},
  url = {http://www.amazon.com/Matrix-Analysis-Roger-Horn/dp/0521386322%3FSubscriptionId%3D192BW6DQ43CK9FN0ZGG2%26tag%3Dws%26linkCode%3Dxm2%26camp%3D2025%26creative%3D165953%26creativeASIN%3D0521386322},
  year = 1990
}
